@misc{ed25519_site,
  author = "Daniel J. Bernstein et al.",
  title = "Ed25519: high-speed high-security signatures",
  note = {\url{https://ed25519.cr.yp.to}},
}

@misc{peercoin_wp,
    author = "Sunny King and Scott Nadal",
    title = "PPCoin: Peer-to-Peer Crypto-Currency with Proof-of-Stake",
    year = "2012",
    note = {\url{https://www.peercoin.net/whitepapers/peercoin-paper.pdf}}
}

@misc{BP+,
  author = "Heewon Chung and Kyoohyung Han and Chanyang Ju and Myungsun Kim and Jae Hong Seo",
  title = "Bulletproofs+: Shorter Proofs for Privacy-Enhanced Distributed Ledger",
  year = "2020",
  note = {\url{https://eprint.iacr.org/2020/735}}
}

@misc{Ped,
  author = "Torben Pryds Pedersen",
  title = "Non-Interactive and Information-Theoretic Secure Verifiable Secret Sharing",
  pages = {129-–140},
  year = "1992",
  published = "Springer Berlin Heidelberg, Berlin, Heidelberg",
  note = {\url{https://www.cs.cornell.edu/courses/cs754/2001fa/129.PDF}}
}

@misc{MRL0005,
  author = "Shen  Noether and Adam  Mackenzie and  Monero  Core  Team",
  title = "Ring  Confidential  Transactions,  MRL-0005",
  year = "2016",
  note = {\url{https://web.getmonero.org/resources/research-lab/pubs/MRL-0005.pdf}}
}

@misc{maxwell_ring_ct,
  author = "Gregory Maxwell",
  title = "Confidential Transactions",
  year = "2015",
  note = {\url{https://web.archive.org/web/20200502151159/https://people.xiph.org/~greg/confidential_values.txt} (Archived 2020-05-02)}
}

@misc{zano_wp,
    author = "Andrey Sabelnikov",
    title = "Zano whitepaper",
    year = "2019",
    note = {\url{https://zano.org/downloads/zano_wp.pdf}}
}

@misc{cn_whitepaper,
  author = "Nicolas van Saberhagen",
  title = "CryptoNote v 2.0",
  note = {\url{https://cryptonote.org/whitepaper.pdf}},
  year = "2013"
}

@misc{bpp_audit_Suyash,
  author = "Suyash Bagad and Omer Shlomovits and Claudio Orlandi",
  title = "Monero Bulletproofs+ Security Audit",
  note = {\url{https://suyash67.github.io/homepage/assets/pdfs/bulletproofs_plus_audit_report_v1.1.pdf}},
  year = "2021"
}
